<?xml version="1.0" encoding="UTF-8"?>
<collection xmlns:xsi="http://www.w3.org/2001/XMLSchema-instance" xsi:schemaLocation="http://www.loc.gov/MARC21/slim http://www.loc.gov/standards/marcxml/schema/MARC21slim.xsd" xmlns="http://www.loc.gov/MARC21/slim">
<record>
  <leader>00755cam a22002291  4500</leader>
  <controlfield tag="001">3121508</controlfield>
  <controlfield tag="003">NNC</controlfield>
  <controlfield tag="005">20130520201027.0</controlfield>
  <controlfield tag="008">011024s1909    le            000 0 ara d</controlfield>
  <datafield tag="035" ind1=" " ind2=" ">
    <subfield code="a">(OCoLC)ocm48202406</subfield>
  </datafield>
  <datafield tag="035" ind1=" " ind2=" ">
    <subfield code="9">ATV3739CU</subfield>
  </datafield>
  <datafield tag="035" ind1=" " ind2=" ">
    <subfield code="a">(NNC)3121508</subfield>
  </datafield>
  <datafield tag="035" ind1=" " ind2=" ">
    <subfield code="a">3121508</subfield>
  </datafield>
  <datafield tag="040" ind1=" " ind2=" ">
    <subfield code="a">ZCU</subfield>
    <subfield code="c">ZCU</subfield>
  </datafield>
  <datafield tag="099" ind1=" " ind2=" ">
    <subfield code="a">893.7Sa44</subfield>
    <subfield code="a">L</subfield>
  </datafield>
  <datafield tag="100" ind1="0" ind2=" ">
    <subfield code="a">Samawʼal,</subfield>
    <subfield code="d">-approximately 560.</subfield>
  </datafield>
  <datafield tag="245" ind1="1" ind2="0">
    <subfield code="a">Dīwān ...</subfield>
  </datafield>
  <datafield tag="246" ind1="0" ind2=" ">
    <subfield code="i">Added title-page reads:</subfield>
    <subfield code="a">Diwan d'as-Samaouʾal d'après le récension de Niftawaihi,</subfield>
    <subfield code="b">édité pour la première fois d'après un ancien manuscrit avec des variantes et des notes par ... Louis Cheikho</subfield>
  </datafield>
  <datafield tag="260" ind1=" " ind2=" ">
    <subfield code="a">Beirut,</subfield>
    <subfield code="c">1909.</subfield>
  </datafield>
  <datafield tag="300" ind1=" " ind2=" ">
    <subfield code="a">34 p.</subfield>
    <subfield code="c">25 cm.</subfield>
  </datafield>
  <datafield tag="700" ind1="1" ind2=" ">
    <subfield code="a">Cheikho, Louis,</subfield>
    <subfield code="d">1859-1927,</subfield>
    <subfield code="e">editor.</subfield>
  </datafield>
  <datafield tag="955" ind1=" " ind2=" ">
    <subfield code="b">CU07815506</subfield>
    <subfield code="d">off,glx</subfield>
    <subfield code="e">893.7Sa44 L</subfield>
  </datafield>
</record>
</collection>